@Book{Lam92,
author = {Lamport, L.},
title = {LaTeX system przygotowywania dokumentów},
publisher = {Wydawnictwo Ariel},
year = {1992},
address = {Kraków},

langid = {polish},
}



@Book{Dil00,
author = {Diller, A.},
title = {LaTeX wiersz po wierszu},
publisher = {Wydawnictwo Helion},
year = {2000},
address = {Gliwice},

langid = {polish},
}


@Manual{ARM06,
title = {Ada Reference Manual {ISO}/{IEC} 8652:200y({E}) {E}d. 3},
organization = {Ada Europe},
year = {2006}
}



@Article{BuDo03,
author = {Burns, A. and Dobbing, B.},
title = {The {R}avenscar {P}rofile for Real--Time and High Integrity Systems},
journal = {Cross{T}alk},
year = {2003},
volume = {16},
number = {11},
pages = {9--12}
}



@InProceedings{PeDa04,
author = {Peleska, J. and Große, D. and Haxthausen, A. E. and Drechsler, R.},
title = {Automated Verification for Train Control Systems},
booktitle = {Proc. of the 5th Symposium on Formal Methods for Automation and Safety in Railway and Automotive Systems (FORMS/FORMAT 2004)},
year = {2004},
pages = {252--265},
address = {Braunschweig, Germany},
month = {December}
}



@TechReport{BuDoVa03,
author = {Burns, A. and Dobbing, B. and Vardanega, T.},
title = {Guide for the Use of the Ada Ravenscar Profile in High Integrity Systems},
institution = {University of York},
year = {2003},
number = {YCS-2003-348}
}



@manual{Alvis2011,
	organization = {AGH University of Science and Technology},
	year = {2011},
	title = {{On Line Alvis Manual}},
	note = {\\\texttt{http://fm.ia.agh.edu.pl/alvis:manual}},
	author = {Szpyrka, M.},

	langid = {english},
}

@article{BuDo03,
	author = {Burns, A. and Dobbing, B.},
	title = {The {R}avenscar {P}rofile for Real--Time and High Integrity Systems},
	journal = {Cross{T}alk},
	year = {2003},
	volume = {16},
	number = {11},
	pages = {9--12}
}

% ###########################################################################################

[1]
@article{Santos09,
	author = {I. Santos et al.},
	year = {2009},
	title = {Machine-learning-based Mechanical Properties Prediction in Foundry Production},
	journal = {\href{https://ieeexplore.ieee.org/document/5333025?arnumber=5333025}{IEEE Xplore}},
}



[2]
@misc{wiki:klas.stat,
    title =        "{Klasyfikacja Statystyczna}",
    howpublished = "\url{https://pl.wikipedia.org/wiki/Klasyfikacja_statystyczna}",
    year =         "2019",
}



[3]
@article{Olson85,
	key = "6129873",
	author = "Olson, D.",
	year = "1985",
	title = "Prediction of Austenitic Weld Metal Microstructure and Properties",
	journal = "\href{https://www.osti.gov/biblio/6129873}{Weld. J. (Miami); (United States)}"
}



[4]
@manual{ferrite.meter,
	title = "Measure Ferrite Content of Austenitic and Duplex Steel",
	organization = "Diverse",
	note = "\href{http://diverse-technologies.net/resources/datasheets/mf300fep.pdf}{source}"
}



[5]
@article{Babu13,
	author = "S. S. Babu et al.",
	title = "New Model for Prediction of Ferrite Number of Stainless Steel Welds",
	journal = "\href{https://www.tandfonline.com/doi/abs/10.1179/stw.1997.2.6.279}{Taylor \& Francis}",
	year = "2013"
}



[6]
@article{Saluja15,
	author = "Saluja, R.",
	title = "Formation, Quantification and Significance of Delta Ferrite for 300 Series Stainless Steel Weldments",
	journal = "\href{https://www.academia.edu/35934277/_Formation_Quantification_and_Significance_of_Delta_Ferrite_for_300_Series_Stainless_Steel_Weldments_}{Academia.edu}",
	year = "2015"
}



[7]
@article{Vitek03.I,
	author = "J. Vitek et al.",
	title = "Improved Ferrite Number Prediction Model That Accounts for Cooling Rate Effects Part 1: Model Development Details of a Prediction Model Based on a Neural Network System of Analysis Are Described", journal = "\href{https://www.semanticscholar.org/paper/Improved-Ferrite-Number-Prediction-Model-that-for-a-Vitek-David/1c8e3b15308c52acc13db4e53901195bff6bab4a}{Semantic Scholar}",
	year = "2003",
}



[8]
@article{Vitek03.II,
	author = "J. Vitek et al.",
	title = "Improved Ferrite Number Prediction Model That Accounts for Cooling Rate Effects: Part 2: Model Results",
	journal = "\href{https://www.semanticscholar.org/paper/Improved-Ferrite-Number-prediction-model-that-for-Vitek-David/b54b7e2185eb680c33fd3952760b59aca6233527}{Semantic Scholar}",
	year = "2003",
}



[9]
@article{Vasudevan13,
	author = "M. Vasudevan et al.",
	title = "Prediction of Ferrite Number in Stainless Steel Welds Using Bayesian Neural Network Model",
	journal = "\href{https://doi.org/10.1007/BF03266582}{Welding in the World, Springer-Verlag}",
	year = "2013"
}



[10]
@article{Bhadeshia07,
	author = "H. K. D. H. Bhadeshia", 
	title = "Neural Networks in Materials Science",
	journal = "\href{https://www.jstage.jst.go.jp/article/isijinternational1989/39/10/39_10_966/_article}{ISIJ International, The Iron and Steel Institute of Japan}",
	year = "2007",
}



[11]
@article{Badmos13,
	author = "A. Y. Badmos and H. K. D. H. Bhadeshia",
	title = "Tensile Properties of Mechanically Alloyed Oxide Dispersion Strengthened Iron Alloys Part 2 – Physical Interpretation of Yield Strength",
	journal = "\href{https://www.tandfonline.com/doi/abs/10.1179/mst.1998.14.12.1221}{Taylor \& Francis}",
	year = "2013"
}



[12]
@article{Nieves09,
	author = "J. Nieves et al.",
	title = "Mechanical Properties Prediction in High-Precision Foundry Production",
	journal = "\href{https://ieeexplore.ieee.org/document/5195774}{IEEE Xplore}",
	year = "2009"
}



[13]
@article{Yang16,
	author = "Y. Y. Yang et al.",
	title = "Tensile Strength Prediction for Hot Rolled Steels by Bayesian Neural Network Model",
	journal = "\href{https://www.sciencedirect.com/science/article/pii/S1474667016326106}{IFAC Proceedings Volumes, Elsevier}",
	year = "2016"
}



[14] 
@article{Yoseba08,
	author = "Y. K. Penya i in.",
	title = "Advanced fault prediction in high-precision foundry production",
	journal = "\href{https://ieeexplore.ieee.org/document/4618372}{IEEE Xplore}",
	year = "2008"
}



[15]
@article{Azimi18,
	author = "S. M. Azimi et al.", 
	title = "Advanced Steel Microstructural Classification by Deep Learning Methods",
	journal = "\href{https://www.nature.com/articles/s41598-018-20037-5}{Nature News, Nature Publishing Group}",
	year = "2018"
}



[16] 
@article{Pauly16,
	author = "J. Pauly, D. Britz and F. Mücklich",
	title = "Advanced Microstructure Classification Using Data Mining Methods",
	journal = "\href{https://www.sciencedirect.com/science/article/abs/pii/S0927025618301514}{Computational Materials Science}", 
	year = "2016"
}



[17]
@article{Britz17,
	author = "D. Britz, J. Webel, A. Schneider and F. Mücklich",
	title = "Identifying And Quantifying Microstructures in Low-alloyed Steels: A Correlative Approach",
	journal = "\href{http://www.aimnet.it/la_metallurgia_italiana/2017/marzo/Britz.pdf}{Metallurgia Italiana}",
	year = "2017"
}



[18]
@article{Shrestha13,
	author = "S. L. Shrestha et al.",
	title = "An Automated Method of Quantifying Ferrite Microstructures Using Electron Backscatter Diffraction (EBSD) Data",
	journal = "\href{https://www.sciencedirect.com/science/article/abs/pii/S0304399113002957?via=ihub}{Ultramicroscopy}",
	year = "2013"
}



[19]
@article{Wang20,
	author = "Y. Wang et al.",
	title = "Prediction and Analysis of Tensile Properties of Austenitic Stainless Steel Using Artificial Neural Network",
	journal = "\href{https://www.mdpi.com/2075-4701/10/2/234}{MDPI, Multidisciplinary Digital Publishing Institute}",
	year = "2020",
}



[20]
@article{Durmaz21,
	author = "A. R. Durmaz et al.",
	title = "A Deep Learning Approach for Complex Microstructure Inference",
	journal = "\href{https://www.researchsquare.com/article/rs-371580/v1}{Research Square}",
	year = "2021"
}



[21]
@article{Stoll21,
	author = "A. Stoll and P. Benner",
	title = "Machine Learning for Material Characterization with an Application for Predicting Mechanical Properties",
	journal = "\href{https://onlinelibrary.wiley.com/doi/full/10.1002/gamm.202100003}{Wiley Online Library}",
	year = "2021"
}



[22]
@article{Mitchell97,
	author = "T. M. Mitchell", 
	title = "Machine Learning", 
	year = "1997",
	journal = "\href{https://www.worldcat.org/title/machine-learning/oclc/36417892}{McGraw-Hill}"
}



[23] 
@article{Koza96,
	author = "J. R. Koza et al.", 
	title = "Automated Design of Both the Topology and Sizing of Analog Electrical Circuits Using Genetic Programming",
	year = "1996",
	journal = "\href{https://link.springer.com/chapter/10.1007\%2F978-94-009-0279-4_9}{Kluwer Academic Publishers}"
}



[24]
@book{Sawka20,
	author = "K. Sawka",
	title = {Uczenie maszynowe z użyciem Scikit-Learn i TensorFlow. Wydanie II},
	publisher = {\href{https://helion.pl/ksiazki/uczenie-maszynowe-z-uzyciem-scikit-learn-i-tensorflow-wydanie-ii-aur-lien-g-ron,uczem2.htm}{Wydawnictwo Helion}},
	year = {2020},
	langid = {polish},
}



[25]
@TechReport{Ng,
	author = {Burns, A. and Dobbing, B. and Vardanega, T.},
	title = {Machine Learning and AI via Brain simulations},
	institution = {\href{https://www.datascienceassn.org/content/machine-learning-and-ai-brain-simulations}{Stanford University \& Google}},
	year = "2014"
}



[26]
@article{Shorten19,
	author = "C. Shorten and T. M. Khoshgoftaar",
	title = "A Survey on Image Data Augmentation for Deep Learning",
	journal = "\href{https://journalofbigdata.springeropen.com/articles/10.1186/s40537-019-0197-0}{Journal of Big Data, Springer International Publishing}",
	year = "2019",
}



[27]
@TechReport{Gandhi21,
	author = "A. Handhi",
	title = "Data Augmentation | How to use Deep Learning when you have Limited Data — Part 2",
	year = "2021",
	institution = "\href{https://nanonets.com/blog/data-augmentation-how-to-use-deep-learning-when-you-have-limited-data-part-2/}{Nanonets}"
}


% tego jeszcze nie ma
[28]
@TechReport{norma,
	title = "Mikrostruktura żeliwa -- Część 1: Klasyfikacja wydzieleń grafitu na podstawie analizy wizualnej", 
	year = "2018",
	institution = "\href{https://sklep.pkn.pl/pn-en-iso-945-1-2018-04e.html}{KT 301, Odlewnictwa, Polski Komitet Normalizacyjny}"
}



[29]
@TechReport{Sarkar18,
	author = "D. Sarkar",
	title = "A Comprehensive Hands-on Guide to Transfer Learning with Real-World Applications in Deep Learning",
	institution = "\href{https://towardsdatascience.com/a-comprehensive-hands-on-guide-to-transfer-learning-with-real-world-applications-in-deep-learning-212bf3b2f27a}{Medium, Towards Data Science}",
	year = "2018"
}



[30]
@article{Bickel06,
	author = "S. Bickel",
	title = "ECML-PKDD Discovery Challenge 2006 Overview",
	journal = "\href{https://citeseerx.ist.psu.edu/viewdoc/summary?doi=10.1.1.112.1706}{CiteSeerX}",
	year = "2006"
}



[31]
@TechReport{Chmiel20,
	author = "P. Chmiel",
	title = "Czym Jest Transfer Learning? Trenowanie Sieci Neuronowych w Deep Learning'u.",
	institution = "\href{https://greenlogic.pl/blog/czym-jest-transfer-learning/}{Greenlogic}",
	year = "2020",
}



[32]
@book{Sawka18,
	author = "K. Sawka",
	title = {Uczenie maszynowe z użyciem Scikit-Learn i TensorFlow},
	publisher = {\href{https://helion.pl/ksiazki/uczenie-maszynowe-z-uzyciem-scikit-learn-i-tensorflow-aur-lien-g-ron,uczema.htm}{Wydawnictwo Helion}},
	year = {2018},
	langid = {polish},
}



[33]
@misc{wiki:latex,
    title =        "Tablica pomyłek",
    howpublished = "\href{https://pl.wikipedia.org/wiki/Tablica\_pomy\%C5\%82ek}{https://pl.wikipedia.org/wiki/Tablica\_pomyłek}",
    year =         "2020",
}



[34]
@article{Boser92,
	author = "B. E. Boser et al.",
	title = "A Training Algorithm for Optimal Margin Classifiers | Proceedings of the Fifth Annual Workshop on Computational Learning Theory",
	year = "1992",
	journal = "\href{https://dl.acm.org/doi/10.1145/130385.130401}{EECS}"
}



[35]
@book{Grus18,
	author = "J. Grus",
	title = "Data science od podstaw. Analiza danych w Pythonie",
	publisher = {\href{https://helion.pl/ksiazki/data-science-od-podstaw-analiza-danych-w-pythonie-joel-grus,dascpo.htm}{Wydawnictwo Helion}},
	year = {2018},
	langid = {polish}
}



[36]
@misc{wiki:dec.drzewo,
	title = "Drzewo decyzyjne",
	howpublished = "\url{https://pl.wikipedia.org/wiki/Drzewo_decyzyjne}",
	year = "2020"
}



[37]
@article{Quinlan96,
	author = "J. R. Quinlan",
	title = "Improved Use of Continuous Attributes in C4.5",
	journal = "\href{https://arxiv.org/abs/cs/9603103}{ArXiv.org}",
	year = "1996"
}



[38]
@misc{wiki:dec.tree,
	title = "Decision tree",
	howpublished = "\url{https://en.wikipedia.org/wiki/Decision_tree}",
	year = "2021"
}



[39]
@article{Ho95,
	author = "T. K. Ho",
	title = "Random Decision Forests",
	journal = "\href{https://ieeexplore.ieee.org/document/598994}{IEEE Xplore}",
	year = "1995"
}



[40]
@TechReport{aporras,
	title = {What is the difference between Bagging and Boosting?},
	institution = "\href{https://quantdare.com/what-is-the-difference-between-bagging-and-boosting/}{QuantDare}",
	year = {2016},
}



[41]
@article{Jaskowiak70,
	author = "P. A. Jaskowiak and R.J.G.B. Campello",
	title = "Comparing Correlation Coefficients as Dissimilarity Measures for Cancer Classification in Gene Expression Data",
	journal = "\href{https://researchonline.jcu.edu.au/47967/}{ResearchOnline@JCU | Brazilian Computer Society}",
	year = "1970"
}



[42]
@article{Piryonesi20,
	author = "S. M. Piryonesi and T. E. El-Diraby",
	title = "Role of Data Analytics in Infrastructure Asset Management: Overcoming Data Size and Quality Problems",
	journal = "\href{https://ascelibrary.org/doi/abs/10.1061/JPEODX.0000175}{Journal of Transportation Engineering}",
	year = "2020",
}



[43]
@misc{wiki:knn,
	title = "K-Nearest Neighbors Algorithm",
	year = "2021",
	howpublished = "\url{https://en.wikipedia.org/wiki/K-nearest_neighbors_algorithm}",
}



[44]
@misc{wiki:logit,
	title = "Logistic regression",
	year = "2021",
	howpublished = "\url{https://en.wikipedia.org/wiki/Logistic_regression}"
}



[45]
@misc{wiki:bayes,
	title = "Naive Bayes Classifier",
	year = "2021",
	howpublished = "\url{https://en.wikipedia.org/wiki/Naive_Bayes_classifier}"
}



[46]
@TechReport{Kurama20,
	author = "V. Kurama",
	title = "A Guide To Understanding AdaBoost",
	institution = "\href{https://blog.paperspace.com/adaboost-optimizer/}{Paperspace Blog}",
	year = "2021"
}



[47]
@TechReport{ColumbiaLearn,
	title = "Big Data: Week 3 Video 3 - Feature Engineering",
	institution = "\href{https://www.youtube.com/watch?v=drUToKxEAUA}{CCNMTL}",
	year = "2014"
}



[48]
@article{Hur02,
	author = "A. B. Hur et al.",
	title = "Support Vector Clustering",
	journal = "\href{https://dl.acm.org/doi/10.5555/944790.944807}{The Journal of Machine Learning Research}",
	year = "2002"
}



[49]
@TechReport{Ramchandani18,
	author = "P. Ramchandani",
	title = "Random Forests and the Bias-Variance Tradeoff",
	institution = "\href{https://towardsdatascience.com/random-forests-and-the-bias-variance-tradeoff-3b77fee339b4}{Medium, Towards Data Science}",
	year = "2021"
}



[50]
@article{Menard02,
	author = "S. Menard",
	title = "Applied Logistic Regression Analysis",
	journal = "\href{http://methods.sagepub.com/book/applied-logistic-regression-analysis}{SAGE Publications}",
	year = "2002"
}
	


[51]
@article{Piryonesi19,
	author = "S. M. Piryonesi and T. E. El-Diraby",
	title = "Data Analytics in Asset Management: Cost-Effective Prediction of the Pavement Condition Index", journal = "\href{https://ascelibrary.org/doi/abs/10.1061/(ASCE)IS.1943-555X.0000512}{Journal of Infrastructure Systems, American Society of Civil Engineers}",
	year = "2019"
}



[52]
@TechReport{Li,
	author = "C. Li",
	title = "A Gentle Introduction to Gradient Boosting",
	institution = "\href{http://www.chengli.io/tutorials/gradient_boosting.pdf}{College of Computer and Information ScienceNortheastern University}",
}



[53]
@Book{Tadeusiewicz15,
	author = "R. Tadeusiewicz and M. Szaleniec",
	title = "Leksykon Sieci Neuronowych",
	year = "2015",
	publisher = "\href{https://www.academia.edu/14407741/Ryszard_Tadeusiewicz_Maciej_Szaleniec_Leksykon_sieci_neuronowych}{Academia.edu, Projekt Nauka Fundacja na rzecz promocji nauki polskiej}"
}



[54]
@article{Simonyan15,
	author = "K. Simonyan and A. Zisserman",
	title = "Very Deep Convolutional Networks for Large-Scale Image Recognition",
	journal = "\href{https://arxiv.org/abs/1409.1556}{ArXiv.org}",
	year = "2015"
}



[55]
@misc{Reczek21,
	author = "W. Reczek",
	title = "Raport z pracowni problemowej: Analiza obrazów w celu identyfikacji parametrów materiałów odlewniczych",
	school = "AGH University of Science and Technology",
	year = "2021"
}





[56]
@misc{Pirowski17,
	author = "Z. Pirowski",
	title = "Opracowanie innowacyjnych elementów roboczych maszyn sektora leśnego i przetwórstwa biomasy w oparciu o wysokoenergetyczne technologie powierzchniowej modyfikacji warstwy wierzchniej elementów odlewanych", 
	year = "2017",
	journal = "\href{TECHMATSTRATEG1/348072/2/NCBR/2017, Sieć Badawcza Łukasiewicz - Przemysłowy Instytut Maszyn Rolniczych}{https://www.pimr.eu/techmatstrateg1-348072-2-ncbr-2017/}"
}




[57]
@misc{specodlew,
	title = "Nowej generacji system posuwu wysokowydajnych kompleksów ścianowych",
	year = "2017", 
	journal = "Specodlew, POIR.04.01.04-00-0068/17"
}




[58]
@article{Watson00,
	author = "H. J. Watson",
	title="The CRISP-DM Model: The New Blueprint for Data Mining",
	year = "2000",
	journal = "\href{https://mineracaodedados.files.wordpress.com/2012/04/the-crisp-dm-model-the-new-blueprint-for-data-mining-shearer-colin.pdf}{International Journal of Data Warehousing and Mining}"
}

	

[59]
@article{Canny86,
	author = "J. Canny",
	title = "A Computational Approach to Edge Detection",
	year = "1986",
	journal = "\href{https://ieeexplore.ieee.org/document/4767851}{IEEE Transactions on Pattern Analysis and Machine Intelligence}"
}



[60]
@misc{Hsu03,
	author = "C. W. Hsu, C. C. Chang and C.J. Lin",
	title = "A Practical Guide to Support Vector Classification",
	year = "2003",
	journal = "\href{https://www.csie.ntu.edu.tw/~cjlin/papers/guide/guide.pdf}{National Taiwan University}"
}















